@article{xiang2019,
    author = {Yiming Xiang and Weifeng Pan and Haibo Jiang and Yunfang Zhu and Hao Li},
    title = {Measuring Software Modularity Based on Software Networks},
    journal = {Entropy},
    volume = {21},
    number = {4},
    year = {2019},
    doi = {10.3390/e21040344},
    url = {https://www.mdpi.com/1099-4300/21/4/344}
}

@article{rahardjo2011,
    author = {Andi Wahju Rahardjo Emanuel and Retantyo Wardoyo and Jazi Eko Istiyanto and Khabib Mustofa},
    title = {Modularity Index Metrics for Java-Based Open Source Software Projects},
    journal = {International Journal of Advanced Computer Science and Applications (IJACSA)},
    volume = {2},
    number = {11},
    year = {2011},
    url = {https://arxiv.org/abs/1309.5689}
}
