@article{reliably2022,
    author = {Ben Johnson},
    title = {Software Reliability Metrics That Matter To Engineers},
    year = {2022},
    url = {https://reliably.com/blog/software-reliability-metrics-that-matter-to-engineers/},
    journal = {Reliably}
}

@article{javatpoint2022,
    title = {Software Engineering Software Reliability Metrics},
    year = {2022},
    url = {https://www.javatpoint.com/software-reliability-metrics}
}
